<?xml version="1.0" encoding="UTF-8"?><collection xmlns="http://www.loc.gov/MARC21/slim"><record><leader>00657nam--2200181-u-4500</leader><controlfield tag="001">000055260</controlfield><controlfield tag="002">20161230</controlfield><controlfield tag="005">20161230201052</controlfield><controlfield tag="008">121203s1000------------r-----000-0-ger-d</controlfield><datafield ind1=" " ind2=" " tag="040"><subfield code="a">IFIN-HH</subfield></datafield><datafield ind1=" " ind2=" " tag="041"><subfield code="a">ger</subfield></datafield><datafield ind1=" " ind2=" " tag="080"><subfield code="a">539.971(043)</subfield></datafield><datafield ind1="1" ind2=" " tag="100"><subfield code="a">Mayer, Thomas</subfield></datafield><datafield ind1="1" ind2="0" tag="245"><subfield code="a">Photoelektronenspektroskopie an modellgrenzflachen energiewandelnder halbleiter/elektrolyt-kontakte: adsorption, koasdsorption und triadsorption von br2, na und h2o auf van-der-waals-oberflachen von halbleitenden metallchalkogeniden</subfield><subfield code="b">Disertation</subfield><subfield code="c">Thomas mayer</subfield></datafield><datafield ind1=" " ind2=" " tag="260"><subfield code="a">Berlin</subfield><subfield code="b">Univesitat</subfield><subfield code="c">1993</subfield></datafield><datafield ind1=" " ind2=" " tag="300"><subfield code="a">241P</subfield></datafield><datafield ind1=" " ind2=" " tag="852"><subfield code="a">80087</subfield><subfield code="c">539.2</subfield></datafield><datafield ind1=" " ind2=" " tag="CAT"><subfield code="a">Sys</subfield><subfield code="c">20121203</subfield><subfield code="h">175835</subfield></datafield></record></collection>